% -------------------------------------------------------
% ----------------- INICIO ARTICULOS ----------------- 

@inproceedings{634236,
 author = {Spool, Jared and Schroeder, Will},
 title = {Testing web sites: five users is nowhere near enough},
 booktitle = {CHI '01: CHI '01 extended abstracts on Human factors in computing systems},
 year = {2001},
 isbn = {1-58113-340-5},
 pages = {285--286},
 location = {Seattle, Washington},
 doi = {http://doi.acm.org/10.1145/634067.634236},
 publisher = {ACM},
 address = {New York, NY, USA},
 }


@inproceedings{169166,
 author = {Nielsen, Jakob and Landauer, Thomas K.},
 title = {A mathematical model of the finding of usability problems},
 booktitle = {CHI '93: Proceedings of the INTERACT '93 and CHI '93 conference on Human factors in computing systems},
 year = {1993},
 isbn = {0-89791-575-5},
 pages = {206--213},
 location = {Amsterdam, The Netherlands},
 doi = {http://doi.acm.org/10.1145/169059.169166},
 publisher = {ACM},
 address = {New York, NY, USA},
 }


@article{141700,
 author = {Virzi, Robert A.},
 title = {Refining the test phase of usability evaluation: how many subjects is enough?},
 journal = {Hum. Factors},
 volume = {34},
 number = {4},
 year = {1992},
 issn = {0018-7208},
 pages = {457--468},
 publisher = {Human Factors \& Ergonomics Society, Inc.},
 address = {Santa Monica, CA, USA},
 }


@ARTICLE{stafford,
    author = {Ángel Parra y Stafford Beer},
    title = {Letanía para un computador y un niño que va a nacer.},
    journal = {Bibliography Stafford Beer. Cwarel Isaf institute},
    year = {2000},
    volume = {1},
    pages = {1-7}
}

@ARTICLE{mark1,
    author = {Douglas Grimes and Mark Warschauer},
    title = {Learning with Laptops: A Multi-Method Case Study},
    journal = {Journal of Educational Computing Research.},
    year = {2009},
    volume = {2},
    pages = {1-7}
}

@ARTICLE{mark2,
    author = {Mark Warschauer},
    title = {Laptops and Literacy: A Multi-Site Case Study},
    journal = {Pedagogies},
    year = {2008},
    volume = {3},
    pages = {52-67}
}

@ARTICLE{mark3,
    author = {Mark Warschauer},
    title = {Information Literacy in the Laptop Classroom},
    journal = {Teachers College Record},
    year = {2007},
    volume = {109},
    pages = {2511-2540}
}

@ARTICLE{Orlikow,
    author = {Wanda J. Orlikowski and Jack J. Baroudi},
    title = {Studying information technology in organizations: Research approaches and assumptions},
    journal = {Information Systems Research},
    year = {1991},
    volume = {2},
    pages = {1--28}
}

@ARTICLE{Guille,
author = {Guillemette},
title = {Usability in Computer Documentation Design: Conceptual and Methodological Considerations},
journal = {IEEE Transactions on Professional Communication},
year = 1989,
volume = 32,
number = 4,
pages = {217-229}
}


@ARTICLE{Ehrli,
author = "Ehrlich and Rohn",
year = "1994",
title = "Cost justification of usability engineering: A vendors perspective",
journal = "Cost Justifying Usability",
volume = "1",
number = "1",
pages = "73-110",
Publisher="Boston: Academic Press"
}
@ARTICLE{Egger,
author = {Egger and Groot },
year = 2000,
title = {Developing a model of trust for electronic commerce: An application to a permissive marketing Web site},
journal = {Paper presented May 15 to 19, at the Poster Proceedings of the Ninth International World-Wide Web Conference},
Publisher="Amsterdam"
}

@ARTICLE{Schne,
author = {Schneider, Franz},
year = 1985,
title = {Why ergonomics can no longer be ignored},
journal = {Office Administration and Automation},
volume = 46,
number = 7,
pages = {26-29},
Publisher="Boston: Academic Press"
}

@ARTICLE{Harris,
author = {Harrison MC},
year = 1994,
title = {Design of a human factors cost-justification tool},
journal = {Cost-Justifying Usability},
volume = 2,
number = 19,
pages = {203-242},
Publisher="Boston: Academic Press"
}
	 


@ARTICLE{Conklin,
author = "Conklin Peter",
year = "1991",
title = "Bringing usability effectively into product development",
journal = "Paper presented July 24 to 26, at the Human-Computer Interface Design: Success Cases, Emerging
Methods, and Real World Context",
volume = "2",
number = "2",
pages = "19",
Publisher="Corporation Boulder "
}

@ARTICLE{GILB,
author = {Tom Gilb},
year = 1988,
title = {In Usability Is Good Business.},
journal = {Principles of software engineering management. },
volume = 2,
number = 2,
pages = {19},
abstract = {Retrieved October 15, 2001, from www.compuware.com.}
}

@ARTICLE{Niel4,
author = {Nielsen Jackob},
year = 2001,
title = {Why People Shop on the Web},
journal = {Nielsen Company},
volume = 2,
number = 2,
pages = {19}
}

@ARTICLE{OLPCESP,
author = "One Laptop For Children",
year = "2007",
title = "CL1 Hardware Design Specification",
journal = "One Laptop For Child",
volume = "2",
number = "2",
pages = "19"
}

@ARTICLE{Ivan2007,
author = "Ivan Krstic, Simson Garfinkel",
year = "2007",
title = "Bitfrost: the One Laptop per Child Security Model",
journal = "One Laptop For Child",
volume = "2",
number = "2",
pages = "19"
}


@ARTICLE{inforinei,
author = "INEI",
year = "2008",
title = "Tecnologías de la Información y  Comunicación en los Hogares",
journal = "Informe Ténico",
volume = "2",
number = "2"

}

@ARTICLE{smith1996,
author = "Smith Pauline A",
year = "1986",
title = "Towards a practical measure of hypertext usability",
journal = "Interacting with Computers",
volume = "8",
number = "4",
pages = "365-381",
abstract = "Findings: 8x8x8 maximal lostness, 16x32 performed best. Breadth is better than depth."
}

@ARTICLE{Merrill,
author = "Merrill Lynch",
year = "2007",
title = "OLPC. Another blue sea or a bubble?",
journal = "Taiwan Technology",
volume = "1",
number = "1",
pages = "10",
abstract = "The one-laptop-per-child OLPC project, which promotes sub US150 notebooks NB in emerging markets, has been the topic of hot discussions ever since MIT presented the concept in 2005."
}


%2
@article{Bevan1,
  author   = "N. Bevan, J. Earthy",
  title    = "Usability process improvement and capability assessment",
  journal  = "Proceedings of Joint AFIHM-BCS Conference on Human Computer Interaction IHM-HCI 2001",
  volume   = "Volume 2",
  number   = "2",
  pages    = "105-108",
	year     = "1999"}
%3
%5

%6
@article{Snyder1,
	author = "Spool, Scanlon and Snyder",
	title = "Paper Usability in Process Development Software",
	journal  = "Morgan-Kaufmann",
  volume   = "1",
  number   = "1",
  pages    = "1",
	year = "1999"}
	
%7
@article{Velte1,
	author = "Velte1",
	title = "Usability Checklist",
	journal  = "Computer IEEE",
  volume   = "1",
  number   = "1",
  pages    = "1",
	year = "1989"}

%8
@article{McVey1,
	author = "McVey",
	title = "Ergonomy",
	journal  = "Computer IEEE",
  volume   = "1",
  number   = "1",
  pages    = "1",
	year = "1996"}

%9

%10 
@article{Grandjean,
	author = "Grandjean ",
	title = "Ergonomy the think Process",
	journal  = "IEEE",
  volume   = "1",
  number   = "1",
  pages    = "1",
	year = "1996"}

%11
@article{Jacobson,
	author = "Jacobson ",
	title = "Object Oriented Software Engineering",
	journal  = "1",
  volume   = "1",
  number   = "1",
  pages    = "1",
	year = "1993"}

%12
@article{John1,
	author = "John Brooke ",
	title = "SUS A quick and dirty usability scale",
	journal  = "1",
  volume   = "1",
  number   = "1",
  pages    = "1",
	year = "2001"}

%13
@article{Burmeister2001,
   author   = "Oliver K. Burmeister ",
   title    = "HCI Professionalism. Ethical concerns in Usability Engineering",
   journal  = "School of Information Technology",
   volume   = "1",
   number   = "1",
   pages    = "1-7",
   year     = "2000"}
   
%14
@article{UsaLab,
   author   = "Hermes Ojeda Ruiz ",
   title    = "Análisis del proyecto OLPC",
   journal  = "Cipres",
   volume   = "2",
   number   = "4106",
   pages    = "11",
   year     = "2007"}

%15
@article{Janet,
   author   = "Janet Read and Matthew Horton ",
   title    = "Recognition Errors and Recognizing Errors Children Writing on the Tablet PC",
   journal  = "Child Computer Interaction Group",
   volume   = "1",
   number   = "4",
   pages    = "14-27",
   year     = "2007"}
   
%16
@article{SIMMONS,   
   author   = "Michael Simmons ",
   title    = "Introduction to Usability e Usability Testing Methodology",
   journal  = "Novus Sententia Incorporated",
   volume   = "1",
   number   = "1",
   pages    = "1-8",
   year     = "2000"}

@article{SIMMONS,   
   author   = "Michael Simmons ",
   title    = "Introduction to Usability e Usability Testing Methodology",
   journal  = "Novus Sententia Incorporated",
   volume   = "1",
   number   = "1",
   pages    = "1-8",
   year     = "2000"}
   
@article{SIMMONS,   
   author   = "Michael Simmons ",
   title    = "Introduction to Usability e Usability Testing Methodology",
   journal  = "Novus Sententia Incorporated",
   volume   = "1",
   number   = "1",
   pages    = "1-8",
   year     = "2000"}

@article{Biazon,   
   author   = "Martinazzo, Patricio and  Biazon",
   title    = "Testing the OLPC Drawing Activity An Usability Report",
   journal  = "Eighth IEEE International Conference",
   volume   = "1",
   number   = "1",
   pages    = "844-846",
   year     = "2008"}   


%17
@article{EvaluatingGames,   
   author   = "Bieke Zaman ",
   title    = "Evaluating games with children",
   journal  = "Centre for Usability Research CUO",
   volume   = "1",
   number   = "1" ,
   pages    = "1-3",
   note    = "Katholieke Universiteit Leuven. E. Van Evenstraat, 2 A. 3000 Leuven BELGIUM. +32 16 32 36 51. Bieke.Zaman@soc.kuleuven.be",
   year     = "2000"}

%18

@article{Virzi,
   author   = "Virzi R.",
   title    = "Refining the test phase of usability evaluation: How many subjects is enough?",
   journal  = "Human Factors",
   volume   = "34",
   number   = "4" ,
   pages    = "457 - 468",
   year     = "1992"}
 
@article{evalua,
   author   = "Javier Diaz, Ivana Harari y Paola Amadeo",
   title    = "Evaluación Heurística de las OLPC",
   journal  = "Evaluación del Proyecto OLPC. LINTI. Facultad de Informática. Universidad Nacional de La Plata",
   volume   = "1",
   number   = "1" ,
   pages    = "1-62",
   year     = "2007"}
 
@article{LeyNro2007,
   Key="002",
   author   = "Gobierno Peruano ",
   title    = "Ley Nro. 29109 ",
   journal  = "Normas Legales. El Peruano",
   volume   = "10020",
   number   = "356243",
   pages    = "7-8",
   notes    = "Ley que autoriza el crédito Sumplementario en el Presupuesto del Sector Público para el año Fiscal 2007, para la adquisición de Laptos para Alumnos de Instituciones Educativas Públicas",
   abstrac   = "Ley que autoriza el crédito Sumplementario en el Presupuesto del Sector Público para el año Fiscal 2007, para la adquisición de Laptos para Alumnos de Instituciones Educativas Públicas",
   year     = "2007"}
   
   @article{03ScaifeyRogers1999,
   Key="005",
  author   = "Scaife and Rogers",
  title    = "Kids as informants: Telling us what we didnt know, corconfirming what we knew already",
	journal  = "The design of childrens technology",
  year     = "1999"}
  
  
  @article{CMSI,
  author   = "Segunda Fase de la CMSI",
  title    = "Compromiso de Túnez",
  journal  = "School of Information Technology",
  volume   = "1",
  number   = "1",
  pages    = "1-7",
  year     = "2005"}
  
  @article{Vermeeren,
  author   = "Vermeeren, Van Kesteren",
  year     = "2003", 
  title    = "Managing the evaluator effect in user testing",
  journal  = "Proceedings of IFIP 9th International Conference on Human Computer Interaction INTERACT",
  pages    = "647-654"
  }
  
  @article{Draft,
  author   = "Keith Karn, Man Truong and Jacob Barber",
  year     = "2008", 
  title    = "The OLPC Project: Usability Test",
  journal  = "Rochester Institute of Technology",
  pages    = "1-40"
  }  


  
% ----------------- FIN ARTICULOS ----------------- 

% -------------------------------------------------------
% ----------------- INICIO LIBROS ----------------- 


%Sapag, N. y Sapag, R. (1996). Preparación y evaluación de proyectos. Bogotá: McGraw Hill.

%Drummond, M; Stoddart, G. y Torrance, G. (1991). Métodos para la Evaluación Económica de los Programas de Atención en Salud. Madrid: Díaz de Santos.

%Knapp, M. (1990). La Economía de los Servicios Sociales. Barcelona: Hogar del Libro.

@Book{Sapag,
    author = "Sapag Nassir, Reinaldo Sapag",
    title = "Preparación y evaluación de proyectos",
    Edition="5ta",
    Publisher="Mcgraw-hill",
    Year="2007",
    pages="445",
    language="Español"}

@Book{Drummond,
    author = "Michael F. Drummond",
    title = "Métodos para la Evaluación Económica de los Programas de Atención en Salud",
    Edition="2da",
    Publisher="Diaz de Santos",
    Year="2002",
    pages="364",
    language="Español"}

@Book{Knapp,
    author = "Martin Knapp",
    title = "La Economía de los Servicios Sociales",
    Edition="1ra",
    Publisher="Hogar del Libro",
    Year="1990",
    pages="",
    language="Español"}



@Book{HDR2009,
	author = "Naciones Unidas, Jenil Klugman",
	title = "Informe Sobre Desarrollo Humano 2009, Superando barreras movilidad, desarrollo humano",	
  Edition="1ra",
  Publisher="Publicado para el Programa de las Naciones Unidas para el Desarrollo (PNUD)",
  Year="2009",
	pages="245",
	language="Español"}

@Book{Sampieri,
	author = "Roberto Hernandez Sampieri",
	title = "Metodología de la Investigación",	
  Edition="3ra",
  Publisher="McGraw-Hill Companies ",
  Year="2006",
	pages="658",
	language="Español"}


@Book{Jefferey,
	author = "Jefferey Anshel",
	title = "Visual Ergonomics Handbook",	
  Edition="3ra",
  Publisher="CRC Press Taylor and Francis Group",
  isbn = {1-56670-682-3},
  Year="2005",
	pages="233",
	language="English"}
	
%B01
@Book{Ripoll,
	author = "Ripoll Novales, Miguel ",
	title = "Propuesta de un Modelo de Evaluación Económica de Proyectos Educativos ",	
  Edition="1ra",
  Publisher="Universidad de Barcelona. tesis Doctoral de FACULTAT DE PSICOLOGIA, Departamento de Metodologías en Ciencias del Comportamiento ",
  Year="2004",
	pages="317",
	language="Español"}


@Book{Hernane,
	author = "Hernane Borges, Barrios Pereira",
	title = "Análisis experimental de los criterios de evaluación de usabilidad de aplicaciones multimedia en entornos de educación y formación a distancia",	
  Edition="1ra",
  Publisher="Universidad de Cataluña. tesis Doctoral de Ingeniería Multimedia. ",
  Year="2002",
	pages="417",
	language="Español"}

@Book{Paulo,
	author = "Paulo Freire, Jorge Mellado",
	title = "Pedagogía del oprimido",	
  Edition="55va",
  Publisher="Publicado por Siglo XXI",
  Year="2005",
	pages="246",
	ISBN="9682325897",
	language="Español"}

@Book{Mayhew1,
	author = "Deborah J. Mayhew",
	title = "The Usability Engineering Lifecycle: A Practitioner's Handbook for User Interface Design",	
  		Edition="1ra",
      Publisher="Morgan Kaufmann",
      Year="1999",
			pages="542",
			ISBN="1558605614",
			language="English"}


@Book{Nielsen3,	
			author = "Jakob Nielsen and Rober L. Mack",
			title = "Usability Inspection Methods",	
  		Edition="1ra",
      Publisher="Wiley",
      Year="1994",
			pages="413",
			ISBN="0471018775",
			language="English"
        }
	
@Book{Landa,
        Key="Landauer",
        Author="Landauer  Thomas",
        Title="The Trouble with Computers: Usefulness, Usability, and Productivity",
        Edition="4ra",
        Publisher="MIT Press",
        Year="1997",
				ISBN=0262621088,
				language="English"
        }

@Book{FacHum,
        Key="FacHum",
        Author="Joaquín Adsuar, Mazón",
        Title="Factores Humanos",
        Edition="1ra",
        Publisher="Agapea",
        Year="2008",
				pages=176,
				ISBN=8428329311,
				language="Español"
        }

@Book{PMI,
        Key="PMI",
        Author="Project Management Institute",
        Title="A Guide to the Project Management Body of Knowledge PMBOK Guide",
        Edition="3ra",
        Publisher="Project Management Institute ",
        Year="2004",
        ISBN=1930699735,
        pages=392,
        language="Español"
        }

@Book{Kail,
        Key="Kail",
        Author="Kail Robert",
        Title="Advances in Child Development and Behavior",
        Edition="1da",
        Publisher="Prentice Hall",
        Year="2002",
        language="English"
        }

@Book{JPiaget1985,
        Key="001",
        Author="Jean Piaget and Rafael Santamaría",
        Title="La construcción de lo real en el niño",
        Edition="2da",
        Publisher="Crítica",
        Year="1985",
        ISBN=8474232651,
        pages=351,
        language="Español"
        }

  
@Book{01SeyPapert1980,
    Key="003",  
  	Author="Seymour, Papert",
  	Title="Mindstorms, children, computers and powerful ideas",
  	Year="1993",
    Publisher="Basic Books",
  	Edition="2da",
  	ISBN=0465046746,
    pages="230",
  	language="English"
  	}
  
@Book{02JanPanStuJoh2008,
        Key="004",
        Author="Janet R.,Panos M.",
        Title="Evaluating Childrens Interactive Products Principles and Practices for Interaction Designers",
        Edition="1ra",
        Publisher="Elsevier Science Ltd",
        Year="2008",
        ISBN=0123741114,
        pages=369,
        language="English"
        }
  

@book{FUsabilityE,
        Key="ABlythe",
        author="Mark Blythe, Kees Overbeeke",
        title="Funology From Usability to Enjoyment",
        publisher="Springer Science + Business Media, Inc.",
        year="2005"}     
        
        
%%%%%%%%%%%%%%%%%%%%%%%%%%%%%%%%%%%%%%%%%%%%%%%%%%%%%%%%555


@book{Ramey1,
  author   = "Dennis Wixon, Judith Ramey",
  title    = "Field Methods Casebook for Software Design",
  publisher= "Wiley Computer Pub",
  year     = "1996",
  ISBN=0471149675,
  pages=342}

 

@book{HUsability,
        Key="SWeiss",
        author="Scott Weiss",
        title="Handheld Usability",
        publisher="John Wiley and Sons Ltd,",
        year="2002"}      

@book{HCSEIUsabilitySDC,
        Key="ASeffah",
        author="Ahmed Seffah, Jan Gulliksen, Michel C. Desmarais",
        title="Human Centered Software Engineering - Integrating Usability in the Software Development Lifecycle",
        publisher="Springer",
        year="2005"
}      

@book{HTAHCI,
        Key="DDiaper",
        author="Dan Diaper, Neville A. Stanton",
        title="The Handbook of Task Analysis For Human Computer Interaction",
        publisher="Lawrence Erlbaum Associates, Inc",
        year="2004"
}      

@book{IHCI,
        Key="ASarmento",
        author="Anabela Sarmento",
        title="Issues of Human Computer Interaction",
        publisher="IRM Press.",
        year="2005"}
        
@book{AN2002,
        Key="AcuedoNacional",
        author="Presidencia de la Rerública ",
        title="Acuedo Nacional",
        publisher="Presidencia del Consejo de Ministros",
        year="2002"}             

@book{CSAccessibilityHEFaD,
        Key="PTexeixeira",
        author="Pedro N. Texeixeira, D. Bruce Johnstone",
        title="Cost Sharing And Accessibility in Higher Education: A Fairer Deal",
        publisher="Springer.",
        year="2006"}

@book{EcUsability,
        Key="DTravis",
        author="David Travis",
        title="E-commerce Usability: Tools and techniques to perfect the on-line experience",
        publisher="Taylor and Franci",
        year="2003"}

@book{DMMThink,
        Key="SKrug",
        author="Steven Krug",
        title="Don't Make Me Think: A Common Sense Approach to Web usability",
        publisher="Allison D. Cecil Roger Black Consulting",
        year="2000"}

@book{WUsability,
        Key="JNielsen2",
        author="Jakob Nielsen, Hoa Loranger",
        title="Prioritizing Web Usability",
        publisher="Nielsen Norman Group",
        year="2006"}



@book{LBAccesibilidad,
        Key="ERovira",
        author="Enrique Rovira, Beleta Cuyás",
        title="Libro Blanco de la Accesibilidad",
        publisher="Edicions UPC Mutua Universal",
        year="2003"}      

@book{UsabilityE,
        Key="JNielsen",
        author="Jakob Nielsen",
        title="Usability Engineering",
        publisher="Academic Press",
        year="1993"}


@Book{3DVAC,
        Key="HJorg",
        Author="Oliver Schreer, Peter Kauff, Thomas Sikora",
        Title="3D Videocommunication, Algorithms, concepts and real-time systems in human centred communication",
        Publisher="John Wiley and Sons Ltd, ",
        Year="2005"}

@book{UsabilityIIT,
        Key="NAykin",
        author="Nuray Aykin",
        title="Usability and Internationalization of Information Technology",
        publisher="Lawrence Erlbaum Associates Inc",
        year="2005"}      

@Book{HIQuestionsMPCT,
        Key="HJorg",
        Author="Hans Jorg Bullinger, Peter G Polson",
        Title="Humane Interfaces Questions of method and practice in Cognitive Technology",
        Publisher="IRM Press",
        Year="1999"}

@Book{HCIDM,
        Key="TBarrier",
        Author="Tonya Barrier PhD",
        Title="Human Computer Interaction Development and Management",
        Publisher="IRM Press",
        Year="2002"}

@Book{HCIHFETEA,
        Key="ASears",
        Author="Andrew Sears",
        Title="The Human Computer Interaction Handbook Fundamentals, Evolving Technologies, and Emerging Applications",
        Publisher="Taylor Francis Group LLC",
        Year="2008"}

@Book{CJUsability,
        Key="GRandolph",
        Author="Randolph G. Bias, Deborah J. Mayhew",
        Title="Cost-Justifying Usability, An Update for an Internet Age",
        Publisher="Morgan Kaufmann Publisher",
        Year="2005"}

@Book{HCIMTF,
        Key="MCarroll",
        Author="John M. Carroll",
        Title="HCI Models, Theories, and Frameworks, Toward a Multidisciplinary Science",
        Publisher="Morgan Kaufmann Publisher",
        Year="2003"}
        
@Book{Beyer,
        Key="Beyer",
        Author="Beyer and Holtzblatt ",
        Title="Contextual Design: Defining Customer-Centered Systems",
        Publisher="Morgan Kaufmann Publishers",
        Year="1998"
}

@Book{Hix,
        Key="Hix",
        Author="Hix and Hartson",
        Title="Developing User Interfaces: Ensuring Usability Through Product and Process",
        Publisher="New York: John Wiley and Sons",
        Year="1993"
}

@Book{Constantine,
        Author="Constantine and Lockwood",
        Title="Software for Use: A Practical Guide to the Models and Methods of Usage-Centered Design",
        Publisher="Addison-Wesley",
        Year="1999"
}

@Book{ErgonomicsGPS,
        Key="AMital",
        Author="Anil Mital, Asa Kilbom, Shrawan Kumar",
        Title="Ergonomics Guidelines and Problem Solving",
        Publisher="Elservier Ergonomics",
        Year="2003"}

@book{SSVAWUsability,
        Key="LWroblewski",
        author="Luke Wroblewski",
        title="Site Seeing A Visual Approach To Web Usability",
        publisher="Hungry Minds  Inc ",
        year="2002"}

@book{WSCreativity,
        Key="JSydik",
        author="Jeremy J. Sydik",
        title="Design Accessible Web Sites: Thirty-Six Keys to Creating Content for All Audiences and Platform",
        publisher="The Pragmatic Programmers, LLC.",
        year="2007"}

@book{WDMarketing,
        Key="KPotts",
        author="Kevin Potts",
        title="Web Design and Marketing Solutions for Business Websites",
        publisher="Friendsoft Designer to Designer an Apress Company",
        year="2007"}

@book{DWUsability,
        Key="JVegas",
        author="Javier Vegas",
        title="Designing Web Usability",
        publisher="Nielsen Norman Group",
        year="2001"}

@book{WAccessibility,
        Key="JThatcher",
        author="Jim Thatcher, Michael R. Burks",
        title="Web Accessibility: Web Standards and Regulatory Compliance",
        publisher="Friendsoft Designer to Designer an Apress Company",
        year="2006"}

@book{IUsability,
        Key="ESchaffer",
        author="Eric Schaffer",
        title="Institutionalization of Usability: A Step-by-Step Guide",
        publisher="Taylor and Franci",
        year="2004"}

@book{MUsabilityC,
        Key="CLindholm",
        author="Christian Lindholm, Turkka Keinonen,  Harri Kiljander ",
        title="Mobile Usability: How Nokia Changed the Face of the Mobile Phone",
        publisher="The McGraw-Hill Companies, Inc.",
        year="2003"}

@book{DUsabilityDL,
        Key="YLeng",
        author="Yin Leng Theng, Schubert Foo",
        title="Design and Usability of Digital Libraries: Case Studies in the Asia Pacific",
        publisher="Idea Group Inc.",
        year="2005"}

@book{SUsability,
        Key="LFaith",
        author="Lorrie Faith Cranor, Simson Garfinkel",
        title="Security and Usability",
        publisher="OReilly Media, Inc.",
        year="2005"}

@book{MAccessibility,
        Key="MSlatin",
        author="John M. Slatin,, Sharron Rush",
        title="Maximum Accessibility: Making Your Web Site More Usable for Everyone",
        publisher="Pearson Education, Inc.",
        year="2003"}

@book{EEducation,
        Key="NResearch",
        author="National Research Council",
        title="Engineering Education: Designing an Adaptive System",
        publisher="National Academies Press",
        year="1995"}

@Book{BitbyBit,
        Key="Augarten",
        Author="Augarten, Stan",
        Title="Bit by Bit, An Illustrated History of Computers",
        Publisher="Tricknor and Fields",
        Year="1984"}

@Book{Barendregt,
        Author="Barendregt",
        Year="2006",
        Title="Evaluating fun and usability in computer games with children",
  		Publisher="PhD Thesis, University of Technology, Eindhoven, The Netherlands"
  }
  
@Book{HComputerGHL,
        Key="DWilliamson",
        Author="David Williamson Shaffer, James Paul Gee",
        Title="How Computer Games Help Children Learn",
        Publisher="Palgrave Mac Millan TM",
        Year="2006"}

@Book{EHCI,
        Key="WSims",
        Author="William Sims Bainbridge",
        Title="Encyclopedia of Human Computer Interaction, When science fiction becomes science fact",
        Publisher="Berkshire Publishing Group LLC",
        Year="2004"}

@book{AIntelligence,
        Key="PRemagnino",
        author="Paolo Remagnino, Gian Luca Foresti, Tim Ellis",
        title="Ambient Intelligence, A Novel Paradigm",
        publisher="Springer Science Business Media, Inc.",
        year="2005"}

@book{VErgnonomicsH,
        Key="JAnshel",
        author="Jeffrey Anshel",
        title="Visual Ergnonomics Handbook",
        publisher="Taylor and Francis Group, LLC",
        year="2005"}

@book{MUsability,
  author="Effie Lai-Chong Law, Ebba Thora Hvannberg, Gilbert Cockton",
  title="Maturing Usability Quality in Software, Interaction and Value",
  publisher="Springer Verlag London",
  year="2008"}

@book{DesigningBCFHCI,
        Key="MImaz",
        author="Manuel Imaz, David Benyon",
        title="Designing with Blends, Conceptual Foundations of Human-Computer Interaction and Software Engineering",
        publisher="Massachusetts Institute of Technology",
        year="2007"}
        
@book{TomT,
        Key="TomTullis",
        author="Tom Tullis and Bill Albert",
        title="Measuring The User Experience. Collecting, Analyzing and Presenting Usability Metrics",
        Publisher="Morgan Kaufmann Publishers",        
        year="2008"}    
            
@Book{HUsabilityT,
        Key="JRubin",
        Author="Jeff Rubin, Dana Chisnell",
        Title="Handbook of Usability Testing, How to Plan, Design, and Conduct Effective Tests",
        Publisher="Wiley Publishing, Inc.",
        Year="2008"}        
        
@Book{mark0,
        Key="Mark",
        Author="Mark Warschauer",
        Title="Laptops And Literacy: Learning in the Wireless Classroom ",
        Edition="1ra",
        Publisher="Teachers College Press",
        Year="2006",
        ISBN=0807747270,
        pages=178,
        language="English"
        }
        
@Book{Jonathan,
        Key="Jonathan",
        Author="Jonathan Lazar",
        Title="Universal usability: designing computer interfaces for diverse user populations",
        Edition="1ra",
        Publisher="John Wiley and Sons",
        Year="2007",
        ISBN=0470027274,
        pages=610,
        language="English"
        }
         
@Book{Rani,
        Key="Rani",
        Author="Rani Lueder, Valerie J. Berg Rice",
        Title="Ergonomics for children: designing products and places for toddlers to teens",
        Edition="1ra",
        Publisher="CRC Press",
        Year="2007",
        ISBN=0415304741,
        pages=961,
        language="English"
        }

@Book{Nuray,
        Key="Nuray",
        Author="Nuray Aykin",
        Title="Usability and Internationalization: Second International Conference on Usability and Internationalization, UI-HCII 2007, Held as Part of HCI International 2007, Beijing, China, July 22-27, 2007 : Proceedings",
        Edition="1ra",
        Publisher="Springer",
        Year="2007",
        ISBN=3540732888,
        pages=576,
        language="English"
        }


@Book{Trinidad1,
        Key="Trinidad",
        Author="Trinidad Grange-Kyner",
        Title="A System Dynamics Approach to Educational Technology Introduction in Developing Countries. by Trinidad Grange-Kyner. B.Sc. Electrical and Electronics Engineering University of Lagos, Nigeria. Submitted to the System Design and Management Program in Partial Fullillment of the Requirements for Degree od Master odf Science in Engineering and Management. Massachusetts Intitute of Technology. June 2008",
        Edition="1ra",
        Publisher="MIT",
        Year="2008",
        pages=86,
        language="English"
        }

@inproceedings{LNCS56100510,

   editor    = {Julie A. Jacko},

      booktitle = {Human-Computer Interaction},

         publisher = {Springer},

            location  = {Heidelberg},

               series    = {Lecture Notes in Computer Science},

                  volume    = {5610},

                     year      = {2009},

                        isbn      = {978-3-642-02573-0},

                           author    = {Jamaliah Taslim and Wan Adilah Wan Adnan and Noor Azyanti Abu Bakar},

                              title     = {Investigating Children Preferences of a User Interface Design},

                                 pages     = {510--513}

                                 }

                                 @inproceedings{LNCS56130186,

                                    editor    = {Julie A. Jacko},

                                       booktitle = {Human-Computer Interaction},

                                          publisher = {Springer},

                                             location  = {Heidelberg},

                                                series    = {Lecture Notes in Computer Science},

                                                   volume    = {5613},

                                                      year      = {2009},

                                                         isbn      = {978-3-642-02582-2},

                                                            author    = {Joana Pereira and Lu\'{\i}s Carri\c{c}o and Carlos Duarte},

                                                               title     = {Improving Children's Writing Ability},

                                                                  pages     = {186--195}

                                                                  }

                                                                  @inproceedings{LNCS56200046,

                                                                     editor    = {Vincent G. Duffy},

                                                                        booktitle = {Digital Human Modeling},

                                                                           publisher = {Springer},

                                                                              location  = {Heidelberg},

                                                                                 series    = {Lecture Notes in Computer Science},

                                                                                    volume    = {5620},

                                                                                       year      = {2009},

                                                                                          isbn      = {978-3-642-02808-3},

                                                                                             author    = {Linghua Ran and Xin Zhang and Chuzhi Chao and Taijie Liu and Tingting Dong},

                                                                                                title     = {Anthropometric Measurement of the Hands of Chinese Children},

                                                                                                   pages     = {46--54}

                                                                                                   }

                                                                                                   @inproceedings{LNCS56130256,

                                                                                                      editor    = {Julie A. Jacko},

                                                                                                         booktitle = {Human-Computer Interaction},

                                                                                                            publisher = {Springer},

                                                                                                               location  = {Heidelberg},

                                                                                                                  series    = {Lecture Notes in Computer Science},

                                                                                                                     volume    = {5613},

                                                                                                                        year      = {2009},

                                                                                                                           isbn      = {978-3-642-02582-2},

                                                                                                                              author    = {Danli Wang and Tingting Ying and Jinquan Xiong and Hongan Wang and Guozhong Dai},

                                                                                                                                 title     = {A Pen-Based Teaching System for Children and Its Usability Evaluation},

                                                                                                                                    pages     = {256--265}

                                                                                                                                    }

                                                                                                                                    @inproceedings{LNCS56130315,

                                                                                                                                       editor    = {Julie A. Jacko},

                                                                                                                                          booktitle = {Human-Computer Interaction},

                                                                                                                                             publisher = {Springer},

                                                                                                                                                location  = {Heidelberg},

                                                                                                                                                   series    = {Lecture Notes in Computer Science},

                                                                                                                                                      volume    = {5613},

                                                                                                                                                         year      = {2009},

                                                                                                                                                            isbn      = {978-3-642-02582-2},

                                                                                                                                                               author    = {Xavier Ferre and Angelica de Antonio and Ricardo Imbert and Nelson Medinilla},

                                                                                                                                                                  title     = {Playability Testing of Web-Based Sport Games with Older Children and Teenagers},

                                                                                                                                                                     pages     = {315--324}

                                                                                                                                                                     }

                                                                                                                                                                     @inproceedings{LNCS56130335,

                                                                                                                                                                        editor    = {Julie A. Jacko},

                                                                                                                                                                           booktitle = {Human-Computer Interaction},

                                                                                                                                                                              publisher = {Springer},

                                                                                                                                                                                 location  = {Heidelberg},

                                                                                                                                                                                    series    = {Lecture Notes in Computer Science},

                                                                                                                                                                                       volume    = {5613},

                                                                                                                                                                                          year      = {2009},

                                                                                                                                                                                             isbn      = {978-3-642-02582-2},

                                                                                                                                                                                                author    = {Hadi Kharrazi and Anthony Faiola and Joseph Defazio},

                                                                                                                                                                                                   title     = {Healthcare Game Design: Behavioral Modeling of Serious Gaming Design for Children with Chronic Diseases},

                                                                                                                                                                                                      pages     = {335--344}

                                                                                                                                                                                                      }

                                                                                                                                                                                                      @inproceedings{LNCS56210462,

                                                                                                                                                                                                         editor    = {A. Ant Ozok and Panayiotis Zaphiris},

                                                                                                                                                                                                            booktitle = {Online Communities and Social Computing},

                                                                                                                                                                                                               publisher = {Springer},

                                                                                                                                                                                                                  location  = {Heidelberg},

                                                                                                                                                                                                                     series    = {Lecture Notes in Computer Science},

                                                                                                                                                                                                                        volume    = {5621},

                                                                                                                                                                                                                           year      = {2009},

                                                                                                                                                                                                                              isbn      = {978-3-642-02773-4},

                                                                                                                                                                                                                                 author    = {Noah Falstein and Nicolle Ruetz},

                                                                                                                                                                                                                                    title     = {The First Two W's: Fostering Multicultural Awareness in Children},

                                                                                                                                                                                                                                       pages     = {462--470}

                                                                                                                                                                                                                                       }

                                                                                                                                                                                                                                       @inproceedings{Volume00010817,

                                                                                                                                                                                                                                          booktitle = {HCI International 2009 - Posters},

                                                                                                                                                                                                                                             publisher = {Springer},

                                                                                                                                                                                                                                                location  = {Heidelberg},

                                                                                                                                                                                                                                                   year      = {2009},

                                                                                                                                                                                                                                                      author    = {Sanaz Sohrabi and Mousa Kashaninejad and Hasan Sadeghi Naeini},

                                                                                                                                                                                                                                                         title     = {Assessment of Collaborating Pre-school Children Chess Learning: Software as an Interaction Tool},

                                                                                                                                                                                                                                                            pages     = {817--818}

                                                                                                                                                                                                                                                            }

                                                                                                                                                                                                                                                            @inproceedings{Volume00010779,

                                                                                                                                                                                                                                                               booktitle = {HCI International 2009 - Posters},

                                                                                                                                                                                                                                                                  publisher = {Springer},

                                                                                                                                                                                                                                                                     location  = {Heidelberg},

                                                                                                                                                                                                                                                                        year      = {2009},

                                                                                                                                                                                                                                                                           author    = {Ying-Hsiu Kuo and Ju-Joan Wong},

                                                                                                                                                                                                                                                                              title     = {Applying the Participatory Design to Develop an Interactive Educational Platform for Children},

                                                                                                                                                                                                                                                                                 pages     = {779--783}

                                                                                                                                                                                                                                                                                 }

                                                                                                                                                                                                                                                                                 @inproceedings{LNCS56140588,

                                                                                                                                                                                                                                                                                    editor    = {Constantine Stephanidis},

                                                                                                                                                                                                                                                                                       booktitle = {Universal Access in Human-Computer Interaction},

                                                                                                                                                                                                                                                                                          publisher = {Springer},

                                                                                                                                                                                                                                                                                             location  = {Heidelberg},

                                                                                                                                                                                                                                                                                                series    = {Lecture Notes in Computer Science},

                                                                                                                                                                                                                                                                                                   volume    = {5614},

                                                                                                                                                                                                                                                                                                      year      = {2009},

                                                                                                                                                                                                                                                                                                         isbn      = {978-3-642-02706-2},

                                                                                                                                                                                                                                                                                                            author    = {Shuto Murai and Kenta Sugai and Michiko Ohkura and Mizuma Masazumi and Amimoto Satuki},

                                                                                                                                                                                                                                                                                                               title     = {Interactive System to Assist Rehabilitation of Children},

                                                                                                                                                                                                                                                                                                                  pages     = {588--593}

                                                                                                                                                                                                                                                                                                                  }



                                                                                                                                                                                                                                                                                                                  @inproceedings{Volume00010771,

                                                                                                                                                                                                                                                                                                                     booktitle = {HCI International 2009 - Posters},

                                                                                                                                                                                                                                                                                                                        publisher = {Springer},

                                                                                                                                                                                                                                                                                                                           location  = {Heidelberg},

                                                                                                                                                                                                                                                                                                                              year      = {2009},

                                                                                                                                                                                                                                                                                                                                 author    = {Carlos C\'{a}rdenas and Lucia Loyola C\'{o}rdova and Ketty Keynes},

                                                                                                                                                                                                                                                                                                                                    title     = {Interface Children in Distributed Applications},

                                                                                                                                                                                                                                                                                                                                       pages     = {771--773}

                                                                                                                                                                                                                                                                                                                                       }


                                                                                                                                                                                                                                                                                                                                       @inproceedings{Volume00010588,

                                                                                                                                                                                                                                                                                                                                          booktitle = {HCI International 2009 - Posters},

                                                                                                                                                                                                                                                                                                                                             publisher = {Springer},

                                                                                                                                                                                                                                                                                                                                                location  = {Heidelberg},

                                                                                                                                                                                                                                                                                                                                                   year      = {2009},

                                                                                                                                                                                                                                                                                                                                                      author    = {Carlos C\'{a}rdenas and Lucia Loyola C\'{o}rdova and Elizabeth Benites},

                                                                                                                                                                                                                                                                                                                                                         title     = {Evaluating the Usability of Desktop of the OLPC Sugar},

                                                                                                                                                                                                                                                                                                                                                            pages     = {588--592}

                                                                                                                                                                                                                                                                                                                                                            }





                                                                                                                                                                                                                                                                                                                                                            @inproceedings{catolica,

                                                                                                                                                                                                                                                                                                                                                               booktitle = {The Second International - Conferences on Advances in Computer-Human Interactions - ACHI 2009},

                                                                                                                                                                                                                                                                                                                                                                  publisher = {The Institute of Electrical and Electronics Engineers, Inc.},

                                                                                                                                                                                                                                                                                                                                                                     location  = {Cancun},

                                                                                                                                                                                                                                                                                                                                                                        year      = {2009},

                                                                                                                                                                                                                                                                                                                                                                           author    = {Jose Antonio Pow-Sang, Cristian Rusu, Claudia Zapata, Silvana Roncagliolo},

                                                                                                                                                                                                                                                                                                                                                                              title     = {Applying the Chilean Educational Experience in HCI to Peruvian Undergraduate and Graduate Programs},

                                                                                                                                                                                                                                                                                                                                                                                 pages     = {360--364}

                                                                                                                                                                                                                                                                                                                                                                                 }

        
%%%%%%%%%%%%%%%%%%%%%%%%%%%%%%%%%%%%%%%%%%%%%%%%%%%%%%%%%%55
  
  
% ----------------- FIN LIBROS ----------------- 

% -------------------------------------------------------
%  ----------------- INICIO Páginas Web -----------------

% ----------------- FIN Páginas Web ----------------- 


% -------------------------------------------------------
% ----------------- INICIO Periódicos -----------------

% ----------------- FIN Periódicos -----------------


% -------------------------------------------------------
% ----------------- INICIO Conferencias -----------------

% ----------------- FIN Conferencias -----------------


% -------------------------------------------------------
% ----------------- INICIO ENTREVISTAS ----------------- 

% ----------------- FIN ENTREVISTAS -----------------

